%% This BibTeX bibliography file was created using BibDesk.
%% http://bibdesk.sourceforge.net/

%% Created for Lauro Cesar Araujo at 2013-08-21 10:57:09 -0300 
%% Saved with string encoding Unicode (UTF-8) 

@book{ibge1993,
	Address = {Rio de Janeiro},
	Author = {IBGE},
	Date-Added = {2013-08-21 13:56:10 +0000},
	Date-Modified = {2013-08-21 13:56:10 +0000},
	Edition = {3},
	Organization = {http://biblioteca.ibge.gov.br/visualizacao/livros/liv23907.pdf},
	Publisher = {Centro de Documenta{\c c}{\~a}o e Dissemina{\c c}{\~a}o de Informa{\c c}{\~o}es. Funda{\c c}{\~a}o Intituto Brasileiro de Geografia e Estat{\'\i}stica},
	Title = {Normas de apresenta{\c c}{\~a}o tabular},
	Urlaccessdate = {21 ago 2013},
	Year = {1993}}

@misc{abntex2-wiki-como-customizar,
	Author = {abnTeX2},
	Date-Added = {2013-03-23 21:39:21 +0000},
	Date-Modified = {2013-03-23 21:44:20 +0000},
	Howpublished = {Wiki do abnTeX2},
	Keywords = {wiki},
	Title = {Como customizar o abnTeX2},
	Url = {https://code.google.com/p/abntex2/wiki/ComoCustomizar},
	Urlaccessdate = {23 mar. 2013},
	Year = {2013},
	Bdsk-Url-1 = {https://code.google.com/p/abntex2/wiki/ComoCustomizar}}

@manual{abntex2modelo,
	Annote = {Este documento {\'e} derivado do \cite{abnt-bibtex-doc}},
	Author = {abnTeX2},
	Date-Added = {2013-01-12 22:55:32 +0000},
	Date-Modified = {2013-02-04 12:05:54 +0000},
	Organization = {Equipe abnTeX2},
	Title = {Modelo Can{\^o}nico de Trabalho Acad{\^e}mico com abnTeX2},
	Url = {http://abntex2.googlecode.com/},
	Year = {2013},
	Bdsk-Url-1 = {http://code.google.com/p/abntex2/}}

@manual{NBR10520:2002,
	Address = {Rio de Janeiro},
	Date-Added = {2012-12-15 21:43:38 +0000},
	Date-Modified = {2013-01-12 22:17:20 +0000},
	Month = {ago.},
	Org-Short = {ABNT},
	Organization = {Associa{\c c}\~ao Brasileira de Normas T\'ecnicas},
	Pages = 7,
	Subtitle = {Informa{\c c}\~ao e documenta{\c c}\~ao --- Apresenta{\c c}\~ao de cita{\c c}\~oes em documentos},
	Title = {{NBR} 10520},
	Year = 2002}

@article{van86,
	Author = {{van}, Gigch, John P. and Leo L. Pipino},
	Journal = {Future Computing Systems},
	Number = {1},
	Pages = {71-97},
	Title = {In search for a paradigm for the discipline of information systems},
	Volume = {1},
	Year = {1986}}

@phdthesis{guizzardi2005,
	Address = {Enschede, The Netherlands},
	Author = {Giancarlo Guizzardi},
	Date-Added = {2012-04-23 11:35:28 +0000},
	Date-Modified = {2012-04-23 11:35:28 +0000},
	School = {Centre for Telematics and Information Technology, University of Twente},
	Title = {Ontological Foundations for Structural Conceptual Models},
	Url = {http://www.loa.istc.cnr.it/Guizzardi/SELMAS-CR.pdf},
	Urlaccessdate = {3 jul. 2011},
	Year = {2005},
	Bdsk-Url-1 = {http://www.loa.istc.cnr.it/Guizzardi/SELMAS-CR.pdf}}

@mastersthesis{macedo2005,
	Author = {Fl{\'a}via L. Macedo},
	Date-Added = {2012-04-23 11:35:13 +0000},
	Date-Modified = {2012-04-23 11:35:13 +0000},
	Keywords = {arquitetura da informa{\c c}{\~a}o},
	School = {Universidade de Bras{\'\i}lia},
	Title = {Arquitetura da Informa{\c c}{\~a}o: aspectos espistemol{\'o}gicos, cient{\'\i}ficos e pr{\'a}ticos.},
	Type = {Disserta{\c c}{\~a}o de Mestrado},
	Year = {2005}}

@inproceedings{masolo2010,
	Author = {Claudio Masolo},
	Booktitle = {Proceedings of the Twelfth International Conference on the Principles of Knowledge Representation and Reasoning (KR 2010)},
	Date-Added = {2012-04-23 11:34:38 +0000},
	Date-Modified = {2012-04-23 11:34:38 +0000},
	Editor = {Lin, F. and Sattler, U.},
	Pages = {258-268},
	Publisher = {AAAI Press},
	Title = {Understanding Ontological Levels},
	Url = {http://wiki.loa-cnr.it/Papers/kr10v0.7.pdf},
	Urlaccessdate = {2 jan. 2012},
	Year = {2010},
	Bdsk-Url-1 = {http://wiki.loa-cnr.it/Papers/kr10v0.7.pdf}}

@inbook{guarino1995,
	Address = {Vienna},
	Author = {Nicola Guarino},
	Booktitle = {Philosophy and the Cognitive Science},
	Date-Added = {2012-04-23 11:34:29 +0000},
	Date-Modified = {2012-04-23 11:34:29 +0000},
	Editor = {R. Casati and B. Smith and G. White},
	Month = {Sept.},
	Pages = {443-456},
	Publisher = {Holder-Pivhler-Tempsky},
	Title = {The Ontological Level},
	Url = {http://wiki.loa-cnr.it/Papers/OntLev.pdf},
	Urlaccessdate = {2 jan. 2012},
	Year = {1995},
	Bdsk-Url-1 = {http://wiki.loa-cnr.it/Papers/OntLev.pdf}}

@incollection{bates2010,
	Address = {New York},
	Author = {Marcia J. Bates},
	Booktitle = {Encyclopedia of Library and Information Sciences},
	Date-Added = {2012-04-23 11:34:29 +0000},
	Date-Modified = {2012-04-23 11:34:29 +0000},
	Edition = {3rd},
	Editor = {Marcia J. Bates and Mary Niles Maack},
	Pages = {2347-2360},
	Publisher = {CRC Press},
	Title = {Information},
	Url = {http://pages.gseis.ucla.edu/faculty/bates/articles/information.html},
	Urlaccessdate = {24 out. 2011},
	Volume = {3},
	Year = {2010},
	Bdsk-Url-1 = {http://pages.gseis.ucla.edu/faculty/bates/articles/information.html}}

%% Separar as minhas referências
%% Minhas referências abaixo

@book{araujoGestao,
	title={Gest{\~a}o de processos},
	Subtitle={Melhores resultados e excel{\^e}ncia organizacional},
	author={Ara{\'u}jo, Luis C{\'e}sar G. de and Garcia, Adriana Amadeu and Martines, Simone},
	address={S{\~a}o Paulo},
	publisher={Atlas},
	year={2011}
}

@book{erikssonPenkerUML,
	title={Business Modeling with UML},
	author={Eriksson, H. E. and Penker, Magnus},
	Address={Nova Iorque},
	Publisher={John Wiley e Sons},
	year={2000}
}

@book{baldamBPM,
	title={Gerenciamento de processos de neg{\'o}cios},
	Subtitle = {{BPM} - Business Process Management},
	author={Baldam, Roquemar de Lima and Valle, Rog{\'e}rio and Pereira, Humberto and Hilst, S{\'e}rgio and Abreu, Maur{\'\i}cio and Sobral, Valmir},
	Address = {S{\~a}o Paulo},
	Edition = {2},
	publisher = {{\'E}rica},
	year={2008}
}

@book{bezerraUML,
	title={Princ{\'\i}pios de An{\'a}lise e Projeto de Sistemas com UML},
	author={Bezerra, Eduardo},
	Edition={2},
	Address={Rio de Janeiro},
	year={2007},
	publisher={Elsevier}
}

@book{gilPesquisa,
	title={Como elaborar projetos de pesquisa},
	author={Gil, Antonio Carlos},
	Address={S{\~a}o Paulo},
	Edition={5},
	publisher={Atlas},
	year={2010}
}

@book{martinsTheophiloMetodologia,
	title={Metodologia da investiga{\c{c}}{\~a}o cient{\'\i}fica para ci{\^e}ncias sociais aplicadas},
	author={Martins, Gilberto de Andrade and The{\'o}philo, Carlos Renato},
	Adress={S{\~a}o Paulo},
	publisher={Atlas},
	Edition={2},
	year={2009}
}	
	
@book{lechetaAndroid,
	title={Google Android},
	Subtitle = {Aprenda A Criar Aplica{\c{c}}oes: Para Dispositivos Moveis Com O Android SDK}, 
	Edition = {2},
	author={Lecheta, Ricardo R.},
	year={2010},
	publisher={Novatec Editora},
	Address = {S{\~a}o Paulo}
}
	
@book{lechetaWindows,
	title={Desenvolvendo para Windows 8},
	Subtitle = {Aprenda a desenvolver aplicativos para Windows Phone 8 e Windows 8},
	author={Lecheta, Ricardo R.},
	isbn={9788575223628},
	url={http://books.google.com.br/books?id=59IynwEACAAJ},
	year={2013},
	publisher={Novatec},
	Address = {S{\~a}o Paulo}
}
	
@book{milaniIOS,
	title={Programando para iPhone e iPad},
	Subtitle = {Aprenda a construir aplicativos para o iOS},
	author={Milani, Andr{\'e}},
	year={2012},
	publisher={Novatec},
	Address = {S{\~a}o Paulo}
}
	
@article{juniorMapeamentoGestaoProcessos,
	title={Mapeamento e Gest{\~a}o por Processos},
	Subtitle = {BPM: business process management},
	author={Junior, Orlando Pavani and Scucuglia, Rafael},
	Address={S{\~a}o Paulo},
	publisher = {M. Books do Brasil},
	year={2011}
}
	
@book{pilonesIOS,
	title={Use a Cabe{\c{c}}a!},
	Subtitle = {desenvolvendo para iPhone}, 
	author={Pilone, Dan and Pilone, Tracey},
	year={2011},
	publisher={Alta Books},
	Address = {Rio de Janeiro}
}
	
@book{rozenfeldProcesso,
	title={Gest{\~a}o de desenvolvimento de produtos},
	Subtitle = {uma refer{\^e}ncia para a melhoria do processo},
	author={Rozenfeld, Henrique},
	year={2006},
	publisher={Saraiva},
	Address = {S{\~a}o Paulo}
}
	
@book{sordiGestaoModerna,
	title={Gest{\~a}o por processos},
	Subtitle = {uma abordagem da moderna administra{\c{c}}{\~a}o},
	author={De Sordi, Jos{\'e} Osvaldo},
	year={2005},
	publisher={Saraiva},
	Address = {S{\~a}o Paulo}
}
	
@book{tanenbaum2003redes,
	title={Redes de computadoras},
	author={Tanenbaum, Andrew S},
	year={2003},
	Edition = {4},
	Address = {Rio de Janeiro},
	publisher={Campus, Elsevier}
}
	
@book{valleBarbaraBPMN,
	title={An{\'a}lise e modelagem de processos de neg{\'o}cio},
	Subtitle={foco na nota{\c{c}}{\~a}o BPMN (Business Process Modeling Notation)},
	author={Valle, Rog{\'e}rio and Barbar{\'a}, Saulo},
	Adress={S{\~a}o Paulo},
	Publisher={Atlas},
	year={2009}
}

@misc{sebrae2014,
	Author = {SEBRAE},
	Title = {Aplicativos para celulares movem mercado bilionário},
	Url = {http://www.sebrae2014.com.br/Sebrae2014/Alertas/Aplicativos-para-celulares-movem-mercado-bilionário},
	Urlaccessdate = {31 mar. 2014},
	Year = {2014},
	Bdsk-Url-1 = {http://www.sebrae2014.com.br/Sebrae2014/Alertas/Aplicativos-para-celulares-movem-mercado-bilionário}
}

@article{schuchTeletime,
	Author = {Schuch, Antônio Luiz},
	Journal = {TELETIME},
	Volume = {16}, 
	Number = {165},
	Pages = {64},
	Title = {Nuvem, mobilidade e a big data: a grande convergência},
	Month = {Maio},
	Address = {S{\~a}o Paulo},  
	Year = {2013}
}

@article{paivaTeletime,
	Author = {Paiva, Fernando},
	Journal = {TELETIME},
	Volume = {16}, 
	Number = {168},
	Pages = {10-14},
	Title = {Desenvolvedores de app viram clientes},
	Month = {Agosto}, 
	Address = {S{\~a}o Paulo},  
	Year = {2013}
}

@article{mouraFeMobilePayment,
	Author = {Moura F{\'e}, Ana Lúcia},
	Journal = {TI Inside},
	Volume = {9}, 
	Number = {93},
	Pages = {18-21},
	Title = {Os desafios do mobile payment},
	Month = {Agosto}, 
	Address = {S{\~a}o Paulo},  
	Year = {2013}
}

@misc{ibopeMobileEcommerce,
	Author = {IBOPE},
	Title = {Cenário Mobile: e-commerce},
	Url = {http://www.ibope.com.br/pt-br/conhecimento/Infograficos/Paginas/Cenario-Mobile-e-commerce.aspx},
	Urlaccessdate = {02 abr. 2014},
	Year = {2014},
	Bdsk-Url-1 = {http://www.ibope.com.br/pt-br/conhecimento/Infograficos/Paginas/Cenario-Mobile-e-commerce.aspx}
}

@misc{ibopeNovosProtagonistas,
	Author = {IBOPE},
	Title = {Novos Protagonistas},
	Url = {http://www.ibope.com.br/pt-br/conhecimento/artigospapers/Paginas/Novos-protagonistas-.aspx},
	Urlaccessdate = {02 abr. 2014},
	Year = {2013},
	Bdsk-Url-1 = {http://www.ibope.com.br/pt-br/conhecimento/artigospapers/Paginas/Novos-protagonistas-.aspx}
}

@misc{ibopeTablets,
	Author = {IBOPE},
	Title = {Venda de tablets está aquecida no e-commerce brasileiro},
	Url = {http://www.ibope.com.br/pt-br/noticias/Paginas/Venda-de-tablets-esta-aquecida-no-e-commerce-brasileiro.aspx},
	Urlaccessdate = {19 jun. 2014},
	Year = {2013},
	Bdsk-Url-1 = {http://www.ibope.com.br/pt-br/noticias/Paginas/Venda-de-tablets-esta-aquecida-no-e-commerce-brasileiro.aspx}
}

@misc{iprocessBpmn,
	Author = {IBOPE},
	Title = {Respondendo a dúvidas: como representar email, planilha ou sistema em BPMN},
	Url = {http://blog.iprocess.com.br/tag/bpmn/page/2/},
	Urlaccessdate = {28 set. 2014},
	Year = {2013},
	Bdsk-Url-1 = {http://blog.iprocess.com.br/tag/bpmn/page/2/}
}
